<?xml version="1.0" encoding="UTF-8"?>
<record xmlns="http://www.loc.gov/MARC21/slim" xmlns:xsi="http://www.w3.org/2001/XMLSchema-instance" xsi:schemaLocation="http://www.loc.gov/MARC21/slim http://www.loc.gov/standards/marcxml/schema/MARC21slim.xsd">
<leader>00000cam a22      a 4500</leader>
<controlfield tag="001">000366126</controlfield>
<controlfield tag="003">NNU</controlfield>
<controlfield tag="005">20150707171545.0</controlfield>
<controlfield tag="008">000123s1905    ua      a     000 0 ara d</controlfield>
<datafield tag="035" ind1=" " ind2=" ">
<subfield code="a">(OCoLC)60498255</subfield>
</datafield>
<datafield tag="040" ind1=" " ind2=" ">
<subfield code="a">MEAUC</subfield>
<subfield code="b">eng</subfield>
<subfield code="c">MEAUC</subfield>
<subfield code="d">OCLCG</subfield>
<subfield code="d">OCLCF</subfield>
<subfield code="d">OCLCO</subfield>
<subfield code="d">OCLCQ</subfield>
<subfield code="d">OCLCO</subfield>
<subfield code="d">OCL</subfield>
<subfield code="d">NNU</subfield>
</datafield>
<datafield tag="043" ind1=" " ind2=" ">
<subfield code="a">f-ua---</subfield>
</datafield>
<datafield tag="050" ind1=" " ind2="4">
<subfield code="a">JQ3824</subfield>
<subfield code="b">.I26 1905</subfield>
</datafield>
<datafield tag="100" ind1="1" ind2=" ">
<subfield code="6">880-01</subfield>
<subfield code="a">Ibn al-Ṣayrafī, ʻAlī ibn Munjib,</subfield>
<subfield code="d">1071-1147.</subfield>
</datafield>
<datafield tag="245" ind1="1" ind2="3">
<subfield code="6">880-02</subfield>
<subfield code="a">al-Qānūn dīwān al-rasāʼil :</subfield>
<subfield code="b">manqūl ʻan nuskhah khaṭīyah bi-Maktabat Kambritsh /</subfield>
<subfield code="c">li-Tāj al-Riyāsah Abī al-Qāsim ʻAlī ibn Munjib ibn Sulaymān al-shahīr bi-Ibn al-Ṣayrafī ; ʻuniya bi-nashrihi wa-al-taʻlīq ʻalayhi ʻAlī Bahjat.</subfield>
</datafield>
<datafield tag="246" ind1="3" ind2=" ">
<subfield code="6">880-03</subfield>
<subfield code="a">Dīwān al-Rasāʼil</subfield>
</datafield>
<datafield tag="250" ind1=" " ind2=" ">
<subfield code="6">880-04</subfield>
<subfield code="a">al-Ṭabʻah 1.</subfield>
</datafield>
<datafield tag="260" ind1=" " ind2=" ">
<subfield code="6">880-05</subfield>
<subfield code="a">Miṣr :</subfield>
<subfield code="b">Maṭbaʻat al-Wāʻiẓ,</subfield>
<subfield code="c">1905.</subfield>
</datafield>
<datafield tag="300" ind1=" " ind2=" ">
<subfield code="a">168 pages ;</subfield>
<subfield code="c">20 cm</subfield>
</datafield>
<datafield tag="336" ind1=" " ind2=" ">
<subfield code="a">text</subfield>
<subfield code="b">txt</subfield>
<subfield code="2">rdacontent</subfield>
</datafield>
<datafield tag="337" ind1=" " ind2=" ">
<subfield code="a">microform</subfield>
<subfield code="b">h</subfield>
<subfield code="2">rdamedia</subfield>
</datafield>
<datafield tag="651" ind1=" " ind2="0">
<subfield code="a">Egypt</subfield>
<subfield code="x">Politics and government</subfield>
<subfield code="y">640-1882</subfield>
<subfield code="v">Early works to 1800.</subfield>
</datafield>
<datafield tag="650" ind1=" " ind2="7">
<subfield code="a">Politics and government</subfield>
<subfield code="2">fast</subfield>
<subfield code="0">(OCoLC)fst01919741</subfield>
</datafield>
<datafield tag="651" ind1=" " ind2="7">
<subfield code="a">Egypt.</subfield>
<subfield code="2">fast</subfield>
<subfield code="0">(OCoLC)fst01208755</subfield>
</datafield>
<datafield tag="648" ind1=" " ind2="7">
<subfield code="a">640 - 1882</subfield>
<subfield code="2">fast</subfield>
</datafield>
<datafield tag="655" ind1=" " ind2="7">
<subfield code="a">Early works.</subfield>
<subfield code="2">fast</subfield>
<subfield code="0">(OCoLC)fst01411636</subfield>
</datafield>
<datafield tag="700" ind1="1" ind2=" ">
<subfield code="a">Bahjat, ʻAlī</subfield>
<subfield code="6">880-06</subfield>
</datafield>
<datafield tag="880" ind1="1" ind2=" ">
<subfield code="6">100-01/</subfield>
<subfield code="a">بن الصريرفى، على بن منجب،,</subfield>
<subfield code="d">1071-1147.</subfield>
</datafield>
<datafield tag="880" ind1="1" ind2="2">
<subfield code="6">245-02/</subfield>
<subfield code="a">قانون ديوان الرسائل :</subfield>
<subfield code="b">منقول عن نسخة خطية بمكتبة كمبرتش تمت كتابة /</subfield>
<subfield code="c">لتاج الرياسة أبى القاسم على بن منجب بن سليمان الشهير بابن الصرفى ؛ عنى بنشره والتعليق عليه على بهجت.</subfield>
</datafield>
<datafield tag="880" ind1="3" ind2=" ">
<subfield code="6">246-03/</subfield>
<subfield code="a">ديوان الرسائل</subfield>
</datafield>
<datafield tag="880" ind1=" " ind2=" ">
<subfield code="6">250-04/</subfield>
<subfield code="a">الطبعة 1.</subfield>
</datafield>
<datafield tag="880" ind1=" " ind2=" ">
<subfield code="6">260-05/</subfield>
<subfield code="a">مصر :</subfield>
<subfield code="b">مطبعة الواعظ،</subfield>
<subfield code="c">1905.</subfield>
</datafield>
<datafield tag="880" ind1="1" ind2=" ">
<subfield code="6">700-06/</subfield>
<subfield code="a">بهجت، علي.</subfield>
</datafield>
<datafield tag="OWN" ind1=" " ind2=" ">
<subfield code="a">GENERAL</subfield>
</datafield>
<datafield tag="AVA" ind1=" " ind2=" ">
<subfield code="a">NYU50</subfield>
<subfield code="b">BOBST</subfield>
<subfield code="c">Main Collection</subfield>
<subfield code="d">JQ3824 .I26 1905</subfield>
<subfield code="e">unavailable</subfield>
<subfield code="t">Unavailable</subfield>
<subfield code="f">1</subfield>
<subfield code="g">1</subfield>
<subfield code="h">N</subfield>
<subfield code="i">0</subfield>
<subfield code="j">MAIN</subfield>
<subfield code="k">0</subfield>
</datafield>
</record>
